@misc{Docker-Compose,
	title = {{"Docker Compose"}},
	journal = {Docker Documentation},
	year = {2024},
	month = nov,
	note = {[Online; accessed 4. Jan. 2025]},
	url = {https://docs.docker.com/compose},
}
@misc{nginx-basic-auth,
	title = {{Restricting Access with HTTP Basic Authentication {$\vert$}
	         NGINX Documentation}},
	year = {2025},
	month = jan,
	note = {[Online; accessed 4. Jan. 2025]},
	url = {
	       https://docs.nginx.com/nginx/admin-guide/security-controls/configuring-http-basic-authentication
	       },
}
@misc{Nginx-url-matching,
	title = {{NGINX location blocks: Understanding and Utilizing URL
	         Matching - Sling Academy}},
	year = {2025},
	month = jan,
	note = {[Online; accessed 5. Jan. 2025]},
	url = {
	       https://www.slingacademy.com/article/nginx-location-block-the-complete-guide
	       },
}
@misc{htpasswd,
	title = {{htpasswd - Manage user files for basic authentication - Apache
	         HTTP Server Version 2.4}},
	year = {2024},
	month = apr,
	note = {[Online; accessed 5. Jan. 2025]},
	url = {https://httpd.apache.org/docs/current/programs/htpasswd.html},
}
@misc{echo-mangapge,
	title = {{echo(1) - Linux manual page}},
	year = {2025},
	month = jan,
	note = {[Online; accessed 5. Jan. 2025]},
	url = {https://man7.org/linux/man-pages/man1/echo.1.html},
}
@misc{docker-arg,
	title = {{Docker ARG, ENV and .env - a Complete Guide}},
	journal = {Vsupalov},
	year = {2017},
	month = jul,
	note = {[Online; accessed 5. Jan. 2025]},
	url = {https://vsupalov.com/docker-arg-env-variable-guide},
}
@misc{self-signed-ssl,
	title = {{How To Create a Self-Signed SSL Certificate for Nginx in
	         Ubuntu 20.04 {$\vert$} DigitalOcean}},
	year = {2024},
	month = dec,
	note = {[Online; accessed 5. Jan. 2025]},
	url = {
	       https://www.digitalocean.com/community/tutorials/how-to-create-a-self-signed-ssl-certificate-for-nginx-in-ubuntu-20-04-1
	       },
}
@article{non-interactive-ssl-gen,
	author = {admin},
	title = {{HowTo: Create CSR using OpenSSL Without Prompt
	         (Non-Interactive) - ShellHacks}},
	journal = {ShellHacks},
	year = {2017},
	month = mar,
	url = {
	       https://www.shellhacks.com/create-csr-openssl-without-prompt-non-interactive
	       },
}
@misc{php-show-basic-auth,
	title = {{Getting basic-auth username in php}},
	journal = {Stack Overflow},
	year = {2025},
	month = jan,
	note = {[Online; accessed 5. Jan. 2025]},
	url = {
	       https://stackoverflow.com/questions/316847/getting-basic-auth-username-in-php
	       },
}
@misc{dns-record-types,
	author = {{Contributors to Wikimedia projects}},
	title = {{List of DNS record types - Wikipedia}},
	year = {2024},
	month = dec,
	note = {[Online; accessed 5. Jan. 2025]},
	url = {
	       https://en.wikipedia.org/w/index.php?title=List_of_DNS_record_types&oldid=1260647885
	       },
}
@misc{rfc,
	title = {{RFC 1035: Domain names - implementation and specification}},
	journal = {IETF Datatracker},
	year = {2025},
	month = jan,
	note = {[Online; accessed 5. Jan. 2025]},
	url = {https://datatracker.ietf.org/doc/html/rfc1035#page-35},
}
@misc{certbot-options,
	title = {{certbot {\ifmmode---\else\textemdash\fi} Certbot 3.1.0.dev0
	         documentation}},
	year = {2024},
	month = dec,
	note = {[Online; accessed 5. Jan. 2025]},
	url = {https://eff-certbot.readthedocs.io/en/latest/man/certbot.html},
}
@article{cerbot-force-newnew,
	author = {Gite, Vivek},
	title = {{How to forcefully renew Let's Encrypt certificate on Linux or
	         Unix}},
	journal = {nixCraft},
	year = {2024},
	month = may,
	url = {
	       https://www.cyberciti.biz/faq/how-to-forcefully-renew-lets-encrypt-certificate
	       },
}
