@article{sudo,
	author = {Zivanov, Sara},
	title = {{Linux Sudo Command {$\lbrace$}How to Use It +Examples{$\rbrace
	         $}}},
	journal = {Knowledge Base by phoenixNAP},
	year = {2024},
	month = jun,
	url = {https://phoenixnap.com/kb/linux-sudo},
}
@article{password-policies-1,
	author = {sk},
	title = {{How To Set Password Policies In Linux - OSTechNix}},
	journal = {OSTechNix},
	year = {2022},
	month = jun,
	url = {https://ostechnix.com/how-to-set-password-policies-in-linux},
}
@misc{password-policies-2,
	title = {{How to prevent user from using old password (or re-using)
	         again in Linux {$\vert$} GoLinuxCloud}},
	journal = {GoLinuxCloud},
	year = {2022},
	month = aug,
	note = {[Online; accessed 30. Nov. 2024]},
	url = {
	       https://www.golinuxcloud.com/prevent-user-from-using-old-password-rhel-7
	       },
}
