@misc{nmap-t-flag,
	title = {{Timing Templates (-T) {$\vert$} Nmap Network Scanning}},
	year = {2025},
	month = jan,
	note = {[Online; accessed 19. Jan. 2025]},
	url = {https://nmap.org/book/performance-timing-templates.html},
}
@misc{cyberkillchain,
	title = {{Cyber Kill Chain{\ifmmode\circledR\else\textregistered\fi}}},
	journal = {Lockheed Martin},
	year = {2025},
	month = jan,
	note = {[Online; accessed 19. Jan. 2025]},
	url = {
	       https://www.lockheedmartin.com/en-us/capabilities/cyber/cyber-kill-chain.html
	       },
}
@misc{nmap-sv,
	title = {{Service and Version Detection {$\vert$} Nmap Network Scanning}
	         },
	year = {2025},
	month = jan,
	note = {[Online; accessed 19. Jan. 2025]},
	url = {https://nmap.org/book/man-version-detection.html},
}
@misc{hydra-http-basic-auth,
	title = {{Defeating HTTP Basic Auth with Hydra}},
	journal = {Code Zen},
	year = {2017},
	month = mar,
	note = {[Online; accessed 19. Jan. 2025]},
	url = {https://tylerrockwell.github.io/defeating-basic-auth-with-hydra},
}
@misc{pw-list,
	year = {2025},
	month = jan,
	note = {[Online; accessed 19. Jan. 2025]},
	url = {
	       https://raw.githubusercontent.com/danielmiessler/SecLists/refs/heads/master/Passwords/Common-Credentials/10-million-password-list-top-10000.txt
	       },
}
@article{hydra-ssh,
	author = {{GeeksforGeeks}},
	title = {{How to use Hydra to BruteForce SSH Connections?}},
	journal = {GeeksforGeeks},
	year = {2022},
	month = aug,
	publisher = {GeeksforGeeks},
	url = {
	       https://www.geeksforgeeks.org/how-to-use-hydra-to-brute-force-ssh-connections
	       },
}
@misc{stderr,
	title = {{What does 2{$>$}/dev/null mean?}},
	journal = {Ask Ubuntu},
	year = {2025},
	month = jan,
	note = {[Online; accessed 19. Jan. 2025]},
	url = {https://askubuntu.com/questions/350208/what-does-2-dev-null-mean},
}
@misc{find,
	title = {{find command in Linux Linux Tutorial}},
	journal = {GeeksforGeeks},
	year = {2024},
	month = apr,
	note = {[Online; accessed 19. Jan. 2025]},
	url = {https://www.geeksforgeeks.org/find-command-in-linux-with-examples
	       },
}
@article{enumeration-walkthough,
	author = {Uppin, C. M.},
	title = {{Series of CTF machines Walkthrough {\#}4 Linux Privilege
	         Escalation (Enumeration).}},
	journal = {Medium},
	year = {2022},
	month = jan,
	publisher = {Techiepedia},
	url = {
	       https://medium.com/techiepedia/series-of-ctf-machines-walkthrough-4-linux-privilege-escalation-enumeration-247899027be
	       },
}
@article{kernel-exploit,
	author = {Uppin, C. M.},
	title = {{Series of CTF machines Walkthrough {\#}5 Linux Privilege
	         Escalation using Kernel Exploit.}},
	journal = {Medium},
	year = {2022},
	month = jan,
	publisher = {Medium},
	url = {
	       https://cmuppin9.medium.com/series-of-ctf-machines-walkthrough-5-linux-privilege-escalation-using-kernel-exploit-e188970fb905
	       },
}
@article{sudo-exploit,
	author = {Uppin, C. M.},
	title = {{Series of CTF machines Walkthrough {\#}6 Linux Privilege
	         Escalation using SUDO permissions.}},
	journal = {Medium},
	year = {2022},
	month = jan,
	publisher = {Medium},
	url = {
	       https://cmuppin9.medium.com/series-of-ctf-machines-walkthrough-6-linux-privilege-escalation-using-sudo-permissions-c517cb789bc6
	       },
}
@book{suid,
	author = {Uppin, C. M.},
	title = {{Series of CTF machines Walkthrough {\#}7 Linux Privilege
	         Escalation using SUID permissions.}},
	journal = {Medium},
	year = {2022},
	month = jan,
	isbn = {978-782335754},
	publisher = {Medium},
	address = {China},
	url = {
	       https://cmuppin9.medium.com/series-of-ctf-machines-walkthrough-7-linux-privilege-escalation-using-suid-permissions-7f82335e7547
	       },
}
@misc{priv-esc-overview,
	title = {{Delinea Inc.}},
	journal = {Delinea},
	year = {2025},
	month = jan,
	note = {[Online; accessed 20. Jan. 2025]},
	url = {https://delinea.com/blog/linux-privilege-escalation},
}
@misc{linux-reverse-tcp,
	title = {{
	         metasploit-framework/documentation/modules/payload/linux/x86/meterpreter/reverse
	         {$\_$}tcp.md at master {$\cdot$} rapid7/metasploit-framework}},
	journal = {GitHub},
	year = {2025},
	month = jan,
	note = {[Online; accessed 20. Jan. 2025]},
	url = {
	       https://github.com/rapid7/metasploit-framework/blob/master/documentation/modules/payload/linux/x86/meterpreter/reverse_tcp.md
	       },
}
@misc{lse,
	title = {{linux-smart-enumeration}},
	journal = {GitHub},
	year = {2025},
	month = jan,
	note = {[Online; accessed 20. Jan. 2025]},
	url = {https://github.com/diego-treitos/linux-smart-enumeration},
}
@article{metasploit-local-exploiter-suggestor,
	author = {drd{$\_$}},
	title = {{Null Byte}},
	journal = {Null Byte},
	year = {2019},
	month = nov,
	url = {
	       https://null-byte.wonderhowto.com/how-to/get-root-with-metasploits-local-exploit-suggester-0199463
	       },
}
@article{exploitdb,
	author = {{Qualys Corporation}},
	title = {{Linux Kernel (Debian 7/8/9/10 / Fedora 23/24/25 / CentOS
	         5.3/5.11/6.0/6.8/7.2.1511) - 'ldso{$\_$}hwcap Stack Clash' Local
	         Privilege Escalation}},
	journal = {Exploit Database},
	year = {2017},
	month = jun,
	url = {https://www.exploit-db.com/exploits/42274},
}
@misc{msfvenomdocs,
	title = {{How to use msfvenom}},
	journal = {Metasploit Documentation Penetration Testing Software, Pen
	           Testing Security},
	year = {2025},
	month = jan,
	note = {[Online; accessed 20. Jan. 2025]},
	url = {
	       https://docs.metasploit.com/docs/using-metasploit/basics/how-to-use-msfvenom.html
	       },
}
@misc{root-grub,
	title = {{Recover - Reset Forgotten Linux Root Password}},
	journal = {LinuxConfig},
	year = {2021},
	month = may,
	note = {[Online; accessed 20. Jan. 2025]},
	url = {
	       https://linuxconfig.org/recover-reset-forgotten-linux-root-password
	       },
}
