@misc{some-source,
	title = {{goobering}},
	journal = {GitHub},
	year = {2025},
	month = may,
	note = {[Online; accessed 18. May 2025]},
	url = {https://github.com/Stefanistkuhl/goobering},
}
