@misc{openssl-cheatsh,
	title = {{cheat.sh/openssl}},
	year = {2024},
	month = oct,
	note = {[Online; accessed 11. Oct. 2024]},
	url = {https://cheat.sh/openssl},
}
