@article{chown,
	author = {Linuxize},
	title = {{Chown Command in Linux (File Ownership)}},
	journal = {Linuxize},
	year = {2023},
	month = dec,
	publisher = {Linuxize},
	url = {https://linuxize.com/post/linux-chown-command},
}
@article{chmod,
	author = {Linuxize},
	title = {{Chmod Command in Linux (File Permissions)}},
	journal = {Linuxize},
	year = {2019},
	month = sep,
	publisher = {Linuxize},
	url = {https://linuxize.com/post/chmod-command-in-linux},
}
@article{ssh-keygen,
	author = {Admin},
	title = {{What is ssh-keygen {\&} How to Use It to Generate a New SSH
	         Key?}},
	journal = {SSH Communications Security},
	year = {2023},
	month = feb,
	publisher = {SSH Communications Security},
	url = {https://www.ssh.com/academy/ssh/keygen},
}
@misc{docker-service-start,
	title = {{How to automatically start a service when running a docker
	         container?}},
	journal = {Stack Overflow},
	year = {2024},
	month = oct,
	note = {[Online; accessed 31. Oct. 2024]},
	url = {
	       https://stackoverflow.com/questions/25135897/how-to-automatically-start-a-service-when-running-a-docker-container
	       },
}
@article{ssh-copy-id,
	author = {Admin},
	title = {{What is ssh-copy-id? How ssh-copy-id works?}},
	journal = {SSH Communications Security},
	year = {2023},
	month = feb,
	publisher = {SSH Communications Security},
	url = {https://www.ssh.com/academy/ssh/copy-id},
}
@misc{securin-a-server,
	author = {LiveOverflow},
	title = {{How To Protect Your Linux Server From Hackers!}},
	journal = {YouTube},
	year = {2021},
	month = apr,
	publisher = {Youtube},
	note = {[Online; accessed 1. Nov. 2024]},
	url = {https://www.youtube.com/watch?v=fKuqYQdqRIs},
}
@misc{Dockerfile-reference,
	title = {{"Dockerfile reference"}},
	journal = {Docker Documentation},
	year = {2024},
	month = oct,
	note = {[Online; accessed 1. Nov. 2024]},
	url = {https://docs.docker.com/reference/dockerfile},
}
@misc{docker-glossary,
	title = {{"Glossary"}},
	journal = {Docker Documentation},
	year = {2024},
	month = aug,
	note = {[Online; accessed 1. Nov. 2024]},
	url = {https://docs.docker.com/reference/glossary/#base-image},
}
@misc{ubuntu,
	title = {{ubuntu - Official Image}},
	year = {2024},
	month = nov,
	note = {[Online; accessed 1. Nov. 2024]},
	url = {https://hub.docker.com/_/ubuntu},
}
@misc{Docker-bridge,
	title = {{"Bridge network driver"}},
	journal = {Docker Documentation},
	year = {2024},
	month = sep,
	note = {[Online; accessed 1. Nov. 2024]},
	url = {https://docs.docker.com/engine/network/drivers/bridge},
}
@misc{tail,
	title = {{cheat.sh/tail}},
	year = {2024},
	month = nov,
	note = {[Online; accessed 1. Nov. 2024]},
	url = {https://cheat.sh/tail},
}
@article{devnull,
	author = {{GeeksforGeeks}},
	title = {{What is /Dev/Null in Linux?}},
	journal = {GeeksforGeeks},
	year = {2023},
	month = jul,
	publisher = {GeeksforGeeks},
	url = {https://www.geeksforgeeks.org/what-is-dev-null-in-linux},
}
@misc{docker-networking-video,
	author = {Lempa, Christian},
	title = {{Docker Networking Tutorial, ALL Network Types explained!}},
	journal = {YouTube},
	year = {2021},
	month = oct,
	publisher = {Youtube},
	note = {[Online; accessed 1. Nov. 2024]},
	url = {https://www.youtube.com/watch?v=5grbXvV_DSk&t=121s},
}
@article{perms,
	author = {McGinty, J. T.},
	title = {{A Complete Guide to Linux File Ownership and Groups}},
	journal = {MUO},
	year = {2022},
	month = mar,
	publisher = {MakeUseOf},
	url = {https://www.makeuseof.com/linux-file-ownership-groups-guide},
}
@misc{chgrp,
	title = {{cheat.sh/chgrp}},
	year = {2024},
	month = nov,
	note = {[Online; accessed 3. Nov. 2024]},
	url = {https://cheat.sh/chgrp},
}
@article{netstat,
	author = {Linuxize},
	title = {{How to Check for Listening Ports in Linux (Ports in use)}},
	journal = {Linuxize},
	year = {2020},
	month = jun,
	publisher = {Linuxize},
	url = {https://linuxize.com/post/check-listening-ports-linux},
}
@article{sed,
	author = {{GeeksforGeeks}},
	title = {{Sed Command in Linux/Unix with examples}},
	journal = {GeeksforGeeks},
	year = {2024},
	month = sep,
	publisher = {GeeksforGeeks},
	url = {
	       https://www.geeksforgeeks.org/sed-command-in-linux-unix-with-examples
	       },
}
@misc{hardening-linux-video,
	author = {LiveOverflow},
	title = {{How To Protect Your Linux Server From Hackers!}},
	journal = {YouTube},
	year = {2021},
	month = apr,
	publisher = {Youtube},
	note = {[Online; accessed 3. Nov. 2024]},
	url = {https://www.youtube.com/watch?v=fKuqYQdqRIs},
}
