@misc{About,
	title = {{About the Linux Foundation}},
	year = {2024},
	month = may,
	note = {[Online; accessed 6. May 2024]},
	url = {https://www.linuxfoundation.org/about},
}
@misc{Positionen,
	title = {{Careers {$\vert$} Linux Foundation}},
	year = {2024},
	month = may,
	note = {[Online; accessed 6. May 2024]},
	url = {https://www.linuxfoundation.org/careers#positions},
}
@misc{Training,
	title = {{Linux Training {$\vert$} Explore the Full Linux Foundation
	         Training Catalog}},
	journal = {Linux Foundation - Training},
	year = {2023},
	month = nov,
	note = {[Online; accessed 6. May 2024]},
	url = {
	       https://training.linuxfoundation.org/full-catalog/?_sft_product_type=training
	       },
}
@misc{NPO,
	title = {{Definition: Nonprofit-Organisation (NPO)}},
	journal = {Gabler Wirtschaftslexikon},
	year = {2024},
	month = may,
	note = {[Online; accessed 6. May 2024]},
	url = {
	       https://wirtschaftslexikon.gabler.de/definition/nonprofit-organisation-npo-39562
	       },
}
@article{Zusamenschluss,
	author = {Diedrich, Oliver},
	title = {{Open Source Development Labs und Free Standards Group
	         fusionieren}},
	journal = {heise online},
	year = {2007},
	month = jan,
	publisher = {heise online},
	url = {
	       https://www.heise.de/news/Open-Source-Development-Labs-und-Free-Standards-Group-fusionieren-136907.html
	       },
}
@misc{Events,
	title = {{Linux Foundation Events}},
	journal = {LF Events},
	year = {2024},
	month = may,
	note = {[Online; accessed 6. May 2024]},
	url = {https://events.linuxfoundation.org},
}
@misc{Locations,
	title = {{Contact Us {$\vert$} Linux Foundation}},
	year = {2024},
	month = may,
	note = {[Online; accessed 6. May 2024]},
	url = {https://www.linuxfoundation.org/about/contact},
}
@article{Grundprinziepe,
	author = {Anna Kobylinska, Filipe Martins{$\ast$}},
	title = {{Was ist, was macht die Linux Foundation?}},
	journal = {DataCenter-Insider},
	year = {2023},
	month = feb,
	publisher = {DataCenter-Insider},
	url = {
	       https://www.datacenter-insider.de/was-ist-was-macht-die-linux-foundation-a-08ce123c091d8eb8a1b61fa2027fbec4
	       },
}
@misc{HDMI,
	title = {{4k@120hz unavailable via HDMI 2.1 ({\#}1417) {$\cdot$} Issues
	         {$\cdot$} drm / amd {$\cdot$} GitLab}},
	journal = {GitLab},
	year = {2024},
	month = may,
	note = {[Online; accessed 13. May 2024]},
	url = {https://gitlab.freedesktop.org/drm/amd/-/issues/1417},
}
@misc{HDMI2,
	title = {{HDMI Forum to AMD: No, you can{'}t make an open source HDMI
	         2.1 driver}},
	journal = {Ars Technica},
	year = {2024},
	month = feb,
	note = {[Online; accessed 13. May 2024]},
	url = {
	       https://arstechnica.com/gadgets/2024/02/hdmi-forum-to-amd-no-you-cant-make-an-open-source-hdmi-2-1-driver
	       },
}
@misc{HDMI3,
	title = {{HDMI Technology: Specifications and Programs}},
	year = {2024},
	month = may,
	note = {[Online; accessed 13. May 2024]},
	url = {https://www.hdmi.org/spec/index},
}
@misc{HDMI4,
	title = {{HDMI 2.1b Specification Overview}},
	year = {2024},
	month = may,
	note = {[Online; accessed 13. May 2024]},
	url = {https://www.hdmi.org/spec/hdmi2_1},
}
@article{Windoof1,
	author = {Warren, Tom},
	title = {{Microsoft starts testing ads in the Windows 11 Start menu}},
	journal = {Verge},
	year = {2024},
	month = apr,
	publisher = {The Verge},
	url = {
	       https://www.theverge.com/2024/4/12/24128640/microsoft-windows-11-start-menu-ads-app-recommendations
	       },
}
@misc{Windoof2,
	title = {{There's no stopping Windows 11's Start menu ads now}},
	journal = {PCWorld},
	year = {2023},
	month = mar,
	note = {[Online; accessed 13. May 2024]},
	url = {
	       https://www.pcworld.com/article/1668041/ads-in-the-windows-11-start-menu-are-definitely-coming.html
	       },
}
@misc{Windoof3,
	title = {{Florian auf X: {,,}Some people will go mad if Microsoft starts
	         adding ads in explorer. https://t.co/rusnyrYyX2{
	         \textquotedblleft} / X}},
	journal = {X (formerly Twitter)},
	year = {2024},
	month = may,
	note = {[Online; accessed 13. May 2024]},
	url = {https://twitter.com/flobo09/status/1502645866204704773},
}
@misc{Windoof4,
	title = {{Microsoft says we weren't supposed to see those ads in Windows
	         File Explorer}},
	journal = {PCWorld},
	year = {2022},
	month = mar,
	note = {[Online; accessed 13. May 2024]},
	url = {
	       https://www.pcworld.com/article/623335/microsoft-says-we-werent-supposed-to-see-windows-file-explorer-ads.html
	       },
}
@misc{Windoof5,
	title = {{New Windows 11 update restores one-click browser choice,
	         mostly}},
	journal = {PCWorld},
	year = {2022},
	month = mar,
	note = {[Online; accessed 13. May 2024]},
	url = {
	       https://www.pcworld.com/article/627401/new-windows-11-update-restores-one-click-browser-choice-mostly.html
	       },
}
@misc{Windoof6,
	title = {{7 ways Windows 10 pushes ads at you, and how to stop them}},
	journal = {PCWorld},
	year = {2016},
	month = mar,
	note = {[Online; accessed 13. May 2024]},
	url = {
	       https://www.pcworld.com/article/419870/7-ways-windows-10-pushes-ads-at-you-and-how-to-stop-them.html
	       },
}
@misc{Windoof7,
	title = {{Enable TPM 2.0 on your PC - Microsoft Support}},
	year = {2024},
	month = may,
	note = {[Online; accessed 13. May 2024]},
	url = {
	       https://support.microsoft.com/en-us/windows/enable-tpm-2-0-on-your-pc-1fd5a332-360d-4f46-a1e7-ae6b0c90645c
	       },
}
@article{Windoof8,
	author = {Piltch, Avram},
	title = {{How to Install Windows 11 Without a Microsoft Account}},
	journal = {Tom's Hardware},
	year = {2024},
	month = feb,
	publisher = {Tom's Hardware},
	url = {
	       https://www.tomshardware.com/how-to/install-windows-11-without-microsoft-account
	       },
}
