@article{TCP-Flags,
	author = {{GeeksforGeeks}},
	title = {{TCP flags}},
	journal = {GeeksforGeeks},
	year = {2023},
	month = apr,
	publisher = {GeeksforGeeks},
	url = {https://www.geeksforgeeks.org/tcp-flags},
}
@article{TCP-Header,
	author = {Molenaar, Rene},
	title = {{TCP Header}},
	journal = {NetworkLessons},
	year = {2019},
	month = oct,
	url = {
	       https://networklessons.com/cisco/ccie-routing-switching-written/tcp-header
	       },
}
@misc{UDP,
	author = {{Autoren der Wikimedia-Projekte}},
	title = {{User Datagram Protocol {\textendash} Wikipedia}},
	year = {2003},
	month = jan,
	note = {[Online; accessed 2. Jun. 2024]},
	url = {
	       https://de.wikipedia.org/w/index.php?title=User_Datagram_Protocol&oldid=244497967
	       },
}
@misc{UDP2,
	title = {{User Datagram Protocol (UDP) in Computer Network}},
	journal = {GeeksforGeeks},
	year = {2021},
	month = dec,
	note = {[Online; accessed 7. Jun. 2024]},
	url = {https://www.geeksforgeeks.org/user-datagram-protocol-udp},
}
@article{Portsfiltern,
	author = {Stanton, Lee},
	title = {{How to Filter by Port with Wireshark}},
	journal = {Alphr},
	year = {2021},
	month = jun,
	url = {https://www.alphr.com/wireshark-filter-port},
}
